@Misc{compcert-github,
  author       = "Xavier Leroy",
  title        = "The {CompCert C} verified compiler",
  year         = "2014",
  howpublished = "\url{https://github.com/AbsInt/CompCert}",
}

@Misc{obelisk,
  author =    {L\'elio Brun},
  title =     {Obelisk},
  howpublished = {\url{https://github.com/Lelio-Brun/Obelisk}},
  year =      2017
}
